@online{progLangJurassicPark,
  Title     = {Request for Regular Expression Feature -why not\{?foo\}},
  Author    = {Larry Wall},
  url       = {news:1994Jun15.074039.2654@netlabs.com},
  date      = {1994-6-15}
}
